@inproceedings{ZhaoXujiang2020,
 author = {Zhao, Xujiang and Chen, Feng and Hu, Shu and Cho, Jin-Hee},
  title = {Uncertainty Aware Semi-Supervised Learning on Graph Data},
  booktitle = {Advances Neural Inf. Process. Syst.},
  volume        = "33",
  month         = {Dec.},
  year          = "2020",
  pages         = {12827--12836},
}

@book{Josang2016,
  author    = {Audun J{\o}sang},
  title     = {Subjective Logic - {A} Formalism for Reasoning Under Uncertainty},
  series    = {Artificial Intelligence: Foundations, Theory, and Algorithms},
  publisher = {Springer},
  year      = {2016},
  doi       = {10.1007/978-3-319-42337-1},
  isbn      = {978-3-319-42335-7},
  timestamp = {Sat, 19 Oct 2019 19:02:53 +0200},
  biburl    = {https://dblp.org/rec/books/sp/Josang16.bib},
  bibsource = {dblp computer science bibliography, https://dblp.org}
}

@INPROCEEDINGS{Josang2018,  
  author={Josang, Audun and Cho, Jin-Hee and Chen, Feng},  
  booktitle={2018 21st Int. Conf. Inf. Fusion},   
  title={Uncertainty Characteristics of Subjective Opinions},   
  volume={},  
  number={},  
  month = {10--13 Jul.},
  address = {Cambridge, U.K.},
  pages={1998-2005},
  year = {2018}
}

@inproceedings{Kendall2017,
 author = {Kendall, Alex and Gal, Yarin},
 booktitle = {Advances in Neural Inf. Process. Syst.},
 title = {What Uncertainties Do We Need in {B}ayesian Deep Learning for Computer Vision?},
 volume = {30},
 year = {2017},
 address = {Long Beach, CA, {USA}},
 month = {4--9 Dec.},
 pages = {5574--5584},
}


@InProceedings{Depeweg2018,
  title = 	 {Decomposition of Uncertainty in {B}ayesian Deep Learning for Efficient and Risk-sensitive Learning},
  author =       {Depeweg, Stefan and Hernandez-Lobato, Jose-Miguel and Doshi-Velez, Finale and Udluft, Steffen},
  booktitle = 	 {Proc. 35th Int. Conf. Mach. Learn.},
  pages = 	 {1184--1193},
  year = 	 {2018},
  volume = 	 {80},
  month = 	 {10--15 Jul.},
  pdf = 	 {http://proceedings.mlr.press/v80/depeweg18a/depeweg18a.pdf},
  series = 	 {Proc. Mach. Learn. Res.},
}


@InProceedings{Gal2016, 
  title = {Dropout as a {B}ayesian Approximation: Representing Model Uncertainty in Deep Learning}, 
  author = {Gal, Yarin and Ghahramani, Zoubin}, 
  booktitle = {Proc. 33rd Int. Conf. Mach. Learn.},
  pages     = {1050--1059},
  year = {2016}, 
  volume = {48}, 
  address = {New York, NY, USA}, 
  month = {20--22 Jun.}
}

@inproceedings{Kipf2017,
  author    = {Thomas N. Kipf and Max Welling},
  address = {Toulon, France},
  month = {24--26 April},
  title     = {Semi-Supervised Classification with Graph Convolutional Networks},
  booktitle = {5th Int. Conf. Learn. Representations},
  year      = {2017}
}

@inproceedings{HuangQian2019,
  title={Combining Label Propagation and Simple Models out-performs Graph Neural Networks},
  author={Qian Huang and Horace He and Abhay Singh and Ser-Nam Lim and Austin Benson},
  booktitle={9th Int. Conf. Learn. Representations},
  month = {3--7 May},
  year={2021}
}

% this entry makes the references appear with et al. in the full references if there are more than 6 authors
@IEEEtranBSTCTL{IEEEexample:BSTcontrol,
  CTLuse_forced_etal       = "yes",
  CTLmax_names_forced_etal = "6",
  CTLnames_show_etal       = "6" 
}

@misc{Abadi2015,
title={ {TensorFlow}: Large-Scale Machine Learning on Heterogeneous Systems},
url={https://www.tensorflow.org/},
note={{S}oftware available from tensorflow.org},
CTLuse_forced_etal       = "yes",
CTLmax_names_forced_etal = "6",
CTLnames_show_etal = "6",
author={
    Mart\'{\i}n~Abadi and
    Ashish~Agarwal and
    Paul~Barham and
    Eugene~Brevdo and
    Zhifeng~Chen and
    Craig~Citro and
    Greg~S.~Corrado and
    Andy~Davis and
    Jeffrey~Dean and
    Matthieu~Devin and
    Sanjay~Ghemawat and
    Ian~Goodfellow and
    Andrew~Harp and
    Geoffrey~Irving and
    Michael~Isard and
    Yangqing Jia and
    Rafal~Jozefowicz and
    Lukasz~Kaiser and
    Manjunath~Kudlur and
    Josh~Levenberg and
    Dandelion~Man\'{e} and
    Rajat~Monga and
    Sherry~Moore and
    Derek~Murray and
    Chris~Olah and
    Mike~Schuster and
    Jonathon~Shlens and
    Benoit~Steiner and
    Ilya~Sutskever and
    Kunal~Talwar and
    Paul~Tucker and
    Vincent~Vanhoucke and
    Vijay~Vasudevan and
    Fernanda~Vi\'{e}gas and
    Oriol~Vinyals and
    Pete~Warden and
    Martin~Wattenberg and
    Martin~Wicke and
    Yuan~Yu and
    Xiaoqiang~Zheng},
  year={2015},
}

@inproceedings{Lakshminarayanan2017,
 author = {Lakshminarayanan, Balaji and Pritzel, Alexander and Blundell, Charles},
 booktitle = {Advances in Neural Inf. Process. Syst.},
 title = {Simple and Scalable Predictive Uncertainty Estimation using Deep Ensembles},
 volume = {30},
 year = {2017},
 address = {Long Beach, CA, {USA}},
 month = {4--9 Dec.},
 pages = {6402--6413}
}

@Article{Ryu2019,
author ="Ryu, Seongok and Kwon, Yongchan and Kim, Woo Youn",
title  ="A {B}ayesian graph convolutional network for reliable prediction of molecular properties with uncertainty quantification",
journal  ="Chemistry Sci.",
year  ="2019",
volume  ="10",
issue  ="36",
pages  ="8438-8446",
publisher  ="Roy. Soc. Chemistry",
doi  ="10.1039/C9SC01992H"
}

% article gives a summary of an EU AI regulation (a regulation which would entitle a user to request an explanation for an algorithmic decision which affects them)
@article{Goodman2017, 
title={European {U}nion Regulations on Algorithmic Decision-Making and a “Right to Explanation”}, 
volume={38}, 
DOI={10.1609/aimag.v38i3.2741},
number={3}, 
journal={AI Mag.}, 
author={Goodman, Bryce and Flaxman, Seth}, 
year={2017}, 
month={Oct.}, 
pages={50-57} 
}

@article{LeCun2015,
  title={Deep learning},
  author={LeCun, Yann and Bengio, Yoshua and Hinton, Geoffrey},
  journal={Nature},
  volume={521},
  number={7553},
  pages={436--444},
  year={2015},
  publisher={Nature Publishing Group}
}

@article{LiangpeiZhang2016,
  title={Deep learning for remote sensing data: A technical tutorial on the state of the art},
  author={Zhang, Liangpei and Zhang, Lefei and Du, Bo},
  journal={{IEEE} Geosci. Remote Sens. Mag.},
  volume={4},
  number={2},
  pages={22--40},
  year={2016},
  publisher={IEEE}
}

@InProceedings{ChuanGuo2017, 
title = {On Calibration of Modern Neural Networks}, 
author = {Chuan Guo and Geoff Pleiss and Yu Sun and Kilian Q. Weinberger}, 
booktitle = {Proc. 34th Int. Conf. Mach. Learn.}, 
pages = {1321--1330}, 
year = {2017}, 
volume = {70}, 
address = {Sydney, Australia},
series = {Proc. Mach. Learn. Res.}, 
month = {06--11 Aug}
}
